<?xml version="1.0" encoding="UTF-8"?><record xmlns="http://www.loc.gov/MARC21/slim" xmlns:cinclude="http://apache.org/cocoon/include/1.0" xmlns:zs="http://www.loc.gov/zing/srw/">
  <leader>00373nz  a2200133n  4500</leader>
  <controlfield tag="001">n  96112614 </controlfield>
  <controlfield tag="003">DLC</controlfield>
  <controlfield tag="005">19961120092350.7</controlfield>
  <controlfield tag="008">961120n| acannaab|          |a aaa |||  </controlfield>
  <datafield tag="010" ind1=" " ind2=" ">
    <subfield code="a">n  96112614 </subfield>
  </datafield>
  <datafield tag="040" ind1=" " ind2=" ">
    <subfield code="a">DLC</subfield>
    <subfield code="c">DLC</subfield>
  </datafield>
  <datafield tag="100" ind1="1" ind2="0">
    <subfield code="a">Marco, Joaqui휍혖n,</subfield>
    <subfield code="d">1935-</subfield>
    <subfield code="t">Poems.</subfield>
    <subfield code="k">Selections</subfield>
  </datafield>
  <datafield tag="400" ind1="1" ind2="0">
    <subfield code="a">Marco, Joaqui휍혖n,</subfield>
    <subfield code="d">1935-</subfield>
    <subfield code="t">Virus de la memoria</subfield>
  </datafield>
  <datafield tag="670" ind1=" " ind2=" ">
    <subfield code="a">Los virus de la memoria, 1994.</subfield>
  </datafield>
</record>